@Article{C25th,
Author = {Dasgupta, Neil P. and Sun, Jianwei and Liu, Chong and Brittman, Sarah
   and Andrews, Sean C. and Lim, Jongwoo and Gao, Hanwei and Yan, Ruoxue
   and Yang, Peidong},
Title = {{25th Anniversary Article: Semiconductor Nanowires Synthesis,
   Characterization, and Applications}},
Journal = {{ADVANCED MATERIALS}},
Volume = {{26}},
Pages = {{2137-2184}},
Year = {{2014}},
}

@INPROCEEDINGS{M4N,
author={A. Bonanno and V. Cauda and M. Crepaldi and P. M. Ros and M. Morello and D. Demarchi and P. Civera},
title={A low-power Read-Out Circuit and low-cost assembly of nanosensors onto a 0.13 um CMOS Micro-for-Nano chip},
booktitle={5th IEEE International Workshop on Advances in Sensors and Interfaces IWASI},
pages={125-130},
year={2013},
}

@Article{C5,
author ="Lin, Chih-Heng and Hsiao, Cheng-Yun and Hung, Cheng-Hsiung and Lo, Yen-Ren and Lee, Cheng-Che and Su, Chun-Jung and Lin, Horng-Chin and Ko, Fu-Hsiang and Huang, Tiao-Yuan and Yang, Yuh-Shyong",
title  ="Ultrasensitive detection of dopamine using a polysilicon nanowire field-effect transistor",
Journal = "CHEMICAL COMMUNICATIONS",
pages  ="5749-5751",,
year  ="2008",
}

@article{C2001,
Author = {Cui, Y and Wei, QQ and Park, HK and Lieber, CM},
Title = {{Nanowire nanosensors for highly sensitive and selective detection of
   biological and chemical species}},
Journal = {{SCIENCE}},
Volume = {{293}},
Pages = {{1289-1292}},
Year = {{2001}},
}


@article{C6,
title={Poly-silicon nanowire field-effect transistor for ultrasensitive and label-free detection of pathogenic avian influenza DNA},
author={Lin, Chih-Heng and Hung, Cheng-Hsiung and Hsiao, Cheng-Yun and Lin, Horng-Chih and Ko, Fu-Hsiang and Yang, Yuh-Shyong},
Journal = {{BIOSENSORS \& BIOELECTRONICS}},
Volume = {{24}},
Pages = {{3019-3024}},
year={{2009}},
}

@INPROCEEDINGS{C7,
author={I. Zadorozhnyi and S. Pud and S. Vitusevich and M. Petrychuk},
title={Features of the gate coupling effect in liquid-gated Si nanowire FETs},
booktitle={Noise and Fluctuations (ICNF), 2015 International Conference on},
year={2015},
pages={1-4},
}

@article{C8,
author = {Sergii Pud and Jing Li and Volodymyr Sibiliev and Mykhaylo Petrychuk and Valery Kovalenko and Andreas OffenhÃ€usser and Svetlana Vitusevich},
title = {Liquid and Back Gate Coupling Effect: Toward Biosensing with Lowest Detection Limit},
journal = {Nano Letters},
volume = {14},
pages = {578-584},
year = {2014},
}

@Article{R1,
author ={Li, Bor-Ran and Chen, Chiao-Chen and Kumar, U. Rajesh and Chen, Yit-Tsong},
title  ={Advances in nanowire transistors for biological analysis and cellular investigation},
journal  ={Analyst},
volume  ={139},
pages  ={1589-1608},
year  ={2014},
publisher  ={The Royal Society of Chemistry},
}

@article{DN17,
Author = {Hsiao, Cheng-Yun and Lin, Yuh-Shyong, et al},
Title = {{Novel poly-silicon nanowire field effect transistor for biosensing
   application}},
Journal = {{BIOSENSORS \& BIOELECTRONICS}},
Year = {{2009}},
Volume = {{24}},
Pages = {{1223-1229}},
}


@ARTICLE{SF1,
author={N. Nikkhoo and P. G. Gulak and K. Maxwell},
title={Rapid Detection of E. coli Bacteria Using Potassium-Sensitive FETs in CMOS},
journal={IEEE Transactions on Biomedical Circuits and Systems},
volume={7},
pages={621-630},
year={2013},
}

@INPROCEEDINGS{SF2,
author={S. Thanapitak},
title={An 1 V - 1 nW source follower ISFET readout circuit for biomedical applications},
booktitle={Science and Information Conference (SAI), 2015},
pages={1118-1121},
year={2015},
}

@article{Drift,
author = {Moss, Stanley D. and Janata, Jiri and Johnson, Curtis C.}
title = {Potassium ion-sensitive field effect transistor},
journal = {Analytical Chemistry},
volume = {47},
pages = {2238-2243},
year = {1975},
}

@INPROCEEDINGS{Juv1,
author={A. Bonanno and V. Cauda and M. Crepaldi and P. M. Ros and M. Morello and D. Demarchi and P. Civera},
title={A low-power Read-Out Circuit and low-cost assembly of nanosensors onto a 0.13 um CMOS Micro-for-Nano chip},
booktitle={Advances in Sensors and Interfaces (IWASI), 2013 5th IEEE International Workshop on},
pages={125-130},
year={2013},
}

@ARTICLE{Juv2,
author={A. Bonanno and M. Morello and M. Crepaldi and A. Sanginario and S. Benetto and V. Cauda and P. Civera and D. Demarchi},
title={A Low-Power 0.13 um CMOS IC for ZnO-Nanowire Assembly and Nanowire-Based UV Sensor Interface},
journal={IEEE Sensors Journal},
volume={15},
pages={4203-4212},
year={2015},
}

@article{Jlockin,
Author = {Xu, Jiawei and Offermans, Peter and Meynants, Guy and Tong, Hien Duy and
   van Rijn, Cees J. M. and Merken, Patrick},
Title = {{A low-power readout circuit for nanowire based hydrogen sensor}},
Journal = {{MICROELECTRONICS JOURNAL}},
Volume = {{41}},
Pages = {{733-739}},
Year = {{2010}},
}

@article{Tsubtractor,
Author = {{徐文陽(Yen-Pang Lai)}},
Title = {{A CMOS FET sensor chip to detect the DNA amplification process}},
Journal = {{國立清華大學電子工程研究所碩士論文}},
Year = {{2011}},
}

@article{dnaepisilon,
Author = {Cuervo, Ana and Dans, Laura, et al},
Title = {{Direct measurement of the dielectric polarization properties of DNA}},
Journal = {{PROCEEDINGS OF THE NATIONAL ACADEMY OF SCIENCES OF THE UNITED STATES OF
   AMERICA}},
Volume = {{111}},
Pages = {{E3624-E3630}},
Year = {{2014}},
}


@book{ElecChem,
    Author    = {{Allen J. Bard, Larry R . Faulkner}},
    Title     = {{Ultra Low Power Bioelectronics, Fundamentals, Biomedical Applications, and Bio-inspired Systems}},
    Year      = {{2011}},
    Publisher = {{John Wiley \& Sons, Inc}},
}

@book{bookOfUltra,
    author    = "RAHUL SARPESHKAR",
    title     = "ELECTROCHEMICAL METHODS, Fundamentalsand Applications",
    year      = "2010",
    publisher = "CAMBRIDGE UNIVERSITY PRESS",
}

@book{bookOfElecMethod,
    author    = "Allen J. Bard, et al",
    title     = "Electrochemical methods. Fundamentals and applications",
    publisher = "JOHN WILEY \& SONS, INC",
}


